@techreport{boulic19913d,
  title={3d hierarchies for animation},
  author={Boulic, Ronan and Renault, Olivier},
  year={1991},
  institution={John Wiley and Sons}
}

@misc{dyer1995motion,
  title={Motion capture white paper},
  author={Dyer, Scott and Martin, Jeff and Zulauf, John},
  year={1995}
}

@inproceedings{holton1995soft,
  title={Soft cellular modelling: A technique for the simulation of non-rigid materials},
  author={Holton, Matthew and Alexander, Simon},
  booktitle={Computer graphics},
  pages={449--460},
  year={1995},
  organization={Academic Press Ltd.}
}

@book{knuth1986texbook,
  title={The texbook},
  author={Knuth, Donald Ervin and Bibby, Duane},
  volume={1993},
  year={1986},
  publisher={Addison-Wesley Reading, MA, USA}
}